@article{baxter,
    author =       "Ira. D. Baxter",
    title =        "Branch Coverage for Arbitrary Languages Made Easy",
    year =         "2002"
}

@book{latexcompanion,
    author    = "Michel Goossens and Frank Mittelbach and Alexander Samarin",
    title     = "The \LaTeX\ Companion",
    year      = "1993",
    publisher = "Addison-Wesley",
    address   = "Reading, Massachusetts"
}

@misc{knuthwebsite,
    author = "Donald Knuth",
    title = "Knuth: Computers and Typesetting",
    howpublished = "\url{http://www-cs-faculty.stanford.edu/\~{}uno/abcde.html}"
   }